<?xml version="1.0" encoding="UTF-8"?><collection xmlns="http://www.loc.gov/MARC21/slim"><record><leader>00719nam--2200229-u-4500</leader><controlfield tag="001">000050356</controlfield><controlfield tag="002">20161230</controlfield><controlfield tag="003">81696</controlfield><controlfield tag="005">20161230201048</controlfield><controlfield tag="008">070124s1000------------r-----000-0-eng-d</controlfield><datafield ind1=" " ind2=" " tag="020"><subfield code="a">0821835181</subfield></datafield><datafield ind1=" " ind2=" " tag="040"><subfield code="a">IFIN-HH</subfield></datafield><datafield ind1=" " ind2=" " tag="041"><subfield code="a">eng</subfield></datafield><datafield ind1=" " ind2=" " tag="080"><subfield code="a">530.14:514.7</subfield></datafield><datafield ind1="1" ind2=" " tag="100"><subfield code="a">Rieffel,Marc A</subfield></datafield><datafield ind1="1" ind2="0" tag="245"><subfield code="a">Gromov-Hausdorff Distance for Quantum Metric Spaces. Matrix Algebras Converge to the Sphere for Quantum Gromov-Hausdorff Distance</subfield><subfield code="c">Marc A. Rieffel</subfield></datafield><datafield ind1=" " ind2=" " tag="260"><subfield code="a">Providence</subfield><subfield code="b">American Mathematical Society</subfield><subfield code="c">2004</subfield></datafield><datafield ind1=" " ind2=" " tag="300"><subfield code="a">91 p</subfield></datafield><datafield ind1=" " ind2=" " tag="490"><subfield code="a">Memoirs of the American mathematical Society</subfield><subfield code="v">vol.796</subfield></datafield><datafield ind1=" " ind2="4" tag="650"><subfield code="a">Gromov-Hausdorff Distance</subfield></datafield><datafield ind1=" " ind2=" " tag="852"><subfield code="c">530.14</subfield></datafield><datafield ind1=" " ind2=" " tag="CAT"><subfield code="a">Sys</subfield><subfield code="c">20110324</subfield><subfield code="h">150817</subfield></datafield></record></collection>